<record><leader>00000cas a2200000 a 4500</leader><controlfield tag="001">24607794</controlfield><controlfield tag="008">911023c19919999nbuer ne      0   a0eng c</controlfield><datafield ind1=" " ind2=" " tag="010"><subfield code="a">sn 91004717 </subfield></datafield><datafield ind1=" " ind2=" " tag="040"><subfield code="a">WIH</subfield><subfield code="b">eng</subfield><subfield code="c">WIH</subfield><subfield code="d">NSD</subfield><subfield code="d">CVF</subfield><subfield code="d">OCLCQ</subfield><subfield code="d">OCLCF</subfield><subfield code="d">OCLCO</subfield></datafield><datafield ind1=" " ind2=" " tag="012"><subfield code="m">y</subfield></datafield><datafield ind1="1" ind2=" " tag="022"><subfield code="a">1060-3026</subfield><subfield code="l">1060-3026</subfield><subfield code="y">1048-9932</subfield><subfield code="2">1</subfield></datafield><datafield ind1="1" ind2=" " tag="029"><subfield code="a">AU@</subfield><subfield code="b">000020672707</subfield></datafield><datafield ind1=" " ind2=" " tag="032"><subfield code="a">004723</subfield><subfield code="b">USPS</subfield></datafield><datafield ind1=" " ind2=" " tag="042"><subfield code="a">nsdp</subfield><subfield code="a">pcc</subfield></datafield><datafield ind1=" " ind2=" " tag="043"><subfield code="a">n-us-nb</subfield></datafield><datafield ind1="0" ind2=" " tag="130"><subfield code="a">Winnebago Indian news (Winnebago, Neb. : 1991)</subfield></datafield><datafield ind1=" " ind2="0" tag="222"><subfield code="a">Winnebago Indian news</subfield><subfield code="b">(1991)</subfield></datafield><datafield ind1="1" ind2="0" tag="245"><subfield code="a">Winnebago Indian news.</subfield></datafield><datafield ind1=" " ind2=" " tag="260"><subfield code="a">Winnebago, Neb. :</subfield><subfield code="b">Winnebago Tribe of Nebraska,</subfield><subfield code="c">1991-</subfield></datafield><datafield ind1=" " ind2=" " tag="300"><subfield code="a">v. :</subfield><subfield code="b">ill. ;</subfield><subfield code="c">42 cm.</subfield></datafield><datafield ind1=" " ind2=" " tag="310"><subfield code="a">Biweekly</subfield></datafield><datafield ind1="0" ind2=" " tag="362"><subfield code="a">Vol. 5, no. 8 (Aug. 8, 1991)-</subfield></datafield><datafield ind1=" " ind2=" " tag="530"><subfield code="a">Available on microfilm from the State Historical Society of Wisconsin.</subfield></datafield><datafield ind1=" " ind2="0" tag="650"><subfield code="a">Indians of North America</subfield><subfield code="z">Nebraska</subfield><subfield code="v">Newspapers.</subfield></datafield><datafield ind1=" " ind2="0" tag="650"><subfield code="a">Winnebago Indians</subfield><subfield code="v">Newspapers.</subfield></datafield><datafield ind1=" " ind2="0" tag="651"><subfield code="a">Winnebago (Neb.)</subfield><subfield code="v">Newspapers.</subfield></datafield><datafield ind1=" " ind2="0" tag="651"><subfield code="a">Winnebago Reservation (Neb.)</subfield><subfield code="v">Newspapers.</subfield></datafield><datafield ind1=" " ind2="7" tag="655"><subfield code="a">Newspapers.</subfield><subfield code="2">fast</subfield><subfield code="0">(OCoLC)fst01423814</subfield></datafield><datafield ind1=" " ind2="7" tag="650"><subfield code="a">Indians of North America.</subfield><subfield code="2">fast</subfield><subfield code="0">(OCoLC)fst00969633</subfield></datafield><datafield ind1=" " ind2="7" tag="650"><subfield code="a">Winnebago Indians.</subfield><subfield code="2">fast</subfield><subfield code="0">(OCoLC)fst01176022</subfield></datafield><datafield ind1=" " ind2="7" tag="651"><subfield code="a">Nebraska.</subfield><subfield code="2">fast</subfield><subfield code="0">(OCoLC)fst01208998</subfield></datafield><datafield ind1=" " ind2="7" tag="651"><subfield code="a">Nebraska</subfield><subfield code="z">Winnebago.</subfield><subfield code="2">fast</subfield><subfield code="0">(OCoLC)fst01261366</subfield></datafield><datafield ind1=" " ind2="7" tag="651"><subfield code="a">Nebraska</subfield><subfield code="z">Winnebago Reservation.</subfield><subfield code="2">fast</subfield><subfield code="0">(OCoLC)fst01270764</subfield></datafield><datafield ind1="1" ind2=" " tag="710"><subfield code="a">Winnebago Tribe of Nebraska.</subfield></datafield><datafield ind1=" " ind2=" " tag="752"><subfield code="a">United States</subfield><subfield code="b">Nebraska</subfield><subfield code="c">Thurston</subfield><subfield code="d">Winnebago.</subfield></datafield><datafield ind1="0" ind2="0" tag="780"><subfield code="t">WIN (Winnebago, Neb.)</subfield><subfield code="x">1056-1323</subfield><subfield code="w">(DLC)sn 91000541</subfield><subfield code="w">(OCoLC)22780795</subfield></datafield></record>